<record><leader>00000cas a22000007a 4500</leader><controlfield tag="001">19992654</controlfield><controlfield tag="008">890711d19271983mauwr ne      0    0eng d</controlfield><datafield ind1=" " ind2=" " tag="010"><subfield code="a">sn 89062128 </subfield></datafield><datafield ind1=" " ind2=" " tag="040"><subfield code="a">MGN</subfield><subfield code="b">eng</subfield><subfield code="c">MGN</subfield><subfield code="d">CNW</subfield><subfield code="d">OCLCQ</subfield><subfield code="d">OCLCF</subfield></datafield><datafield ind1="1" ind2=" " tag="029"><subfield code="a">AU@</subfield><subfield code="b">000020577521</subfield></datafield><datafield ind1=" " ind2=" " tag="042"><subfield code="a">msc</subfield></datafield><datafield ind1=" " ind2=" " tag="043"><subfield code="a">n-us-ma</subfield></datafield><datafield ind1="0" ind2=" " tag="130"><subfield code="a">Falmouth enterprise (Falmouth, Mass. : 1927)</subfield></datafield><datafield ind1="1" ind2="0" tag="245"><subfield code="a">Falmouth enterprise.</subfield></datafield><datafield ind1=" " ind2=" " tag="260"><subfield code="a">Falmouth, Mass. :</subfield><subfield code="b">Independent Press</subfield></datafield><datafield ind1=" " ind2=" " tag="310"><subfield code="a">Weekly,</subfield><subfield code="b">July 1957-1983</subfield></datafield><datafield ind1=" " ind2=" " tag="321"><subfield code="a">Semiweekly,</subfield><subfield code="b">1927-June 1957</subfield></datafield><datafield ind1="0" ind2=" " tag="362"><subfield code="a">Vol. 33, no. 1 (Apr. 2, 1927)-v. 90, no. 11 (May 27, 1983).</subfield></datafield><datafield ind1=" " ind2=" " tag="580"><subfield code="a">Mail away [weekly] ed.: Falmouth enterprise (Falmouth, Mass. : 1954), &lt;May 7, 1954-&gt;</subfield></datafield><datafield ind1=" " ind2="0" tag="651"><subfield code="a">Falmouth (Mass.)</subfield><subfield code="v">Newspapers.</subfield></datafield><datafield ind1=" " ind2="7" tag="655"><subfield code="a">Newspapers.</subfield><subfield code="2">fast</subfield><subfield code="0">(OCoLC)fst01423814</subfield></datafield><datafield ind1=" " ind2="7" tag="651"><subfield code="a">Massachusetts</subfield><subfield code="z">Falmouth.</subfield><subfield code="2">fast</subfield><subfield code="0">(OCoLC)fst01215358</subfield></datafield><datafield ind1=" " ind2=" " tag="752"><subfield code="a">United States</subfield><subfield code="b">Massachusetts</subfield><subfield code="c">Barnstable</subfield><subfield code="d">Falmouth.</subfield></datafield><datafield ind1="1" ind2=" " tag="775"><subfield code="t">Falmouth enterprise (Falmouth, Mass. : 1954)</subfield><subfield code="w">(DLC)sn 94053133</subfield><subfield code="w">(OCoLC)30686475</subfield></datafield><datafield ind1="0" ind2="0" tag="780"><subfield code="t">Enterprise (Falmouth, Mass. : 1895)</subfield><subfield code="w">(DLC)sn 89062129</subfield></datafield><datafield ind1="0" ind2="0" tag="785"><subfield code="t">Enterprise (Falmouth, Mass. : 1983)</subfield><subfield code="w">(DLC)sn 89062127</subfield></datafield></record>